
@Misc{		  :assault,
  title		= {Assault on Gay {America}: The Life and Death of {Billy
		  Jack} \emph{[Documentary]}},
  publisher	= {{PBS Video}},
  year		= {2000},
  address	= {Alexandria, Va.},
  annote	= {A Frontline documentary that examines the causes of
		  homophobia in the context of the 1999 murder of Billy Jack
		  Gaither.},
  keywords	= {incidents}
}

@Misc{		  :hate,
  title		= {Hate incidents},
  url		= {http://www.splcenter.org/get-informed/hate-incidents},
  publisher	= {Southern Poverty Law Center},
  annote	= {The Southern Poverty Law Center compiles a list of
		  apparent hate crimes from media reports. The center notes
		  that this list represents only a small portion of
		  incidents, but it can be useful for researching specific
		  cases.},
  keywords	= {stats}
}

@Book{		  allen.boyce:police-reported,
  author	= {Allen, M. and Boyce, J. },
  title		= {Police-reported hate crime in {C}anada, 2011},
  publisher	= {Statistics Canada},
  address	= {Ottawa},
  year		= {2013},
  month		= sep,
  note		= {Catalogue number 85-002-X201300111822},
  url		= {http://www.statcan.gc.ca/pub/85-002-x/2013001/article/11822-eng.htm}
		  ,
  keywords	= {stats}
}

@Article{	  bell.vila:homicide,
  title		= {Homicide in Homosexual Victims: A Study of 67 Cases from
		  the {Broward County, Florida}, Medical Examiner's Office
		  (1982-1992), with Special Emphasis on ``Overkill''},
  author	= {Bell, Michael D and Vila, Raul I},
  journal	= {The American journal of forensic medicine and pathology},
  volume	= {17},
  number	= {1},
  pages		= {65--69},
  year		= {1996},
  annote	= {A quantitative study observes that homicides against gay
		  men tend to be significantly more violent than homicides
		  against straight men.},
  keywords	= {overview}
}

@Article{	  bettcher:evil,
  title		= {Evil Deceivers and Make-Believers: On Transphobic Violence
		  and the Politics of Illusion},
  author	= {Bettcher, Talia Mae},
  journal	= {Hypatia},
  volume	= {22},
  number	= {3},
  pages		= {43--65},
  year		= {2007},
  annote	= {This piece examines a stereotype that trans people are
		  ``deceivers,'' and how this stereotype is used by some to
		  justify transphobic violence, particularly the 2002 murder
		  of Gwen Araujo.},
  doi		= {10.1111/j.1527-2001.2007.tb01090.x},
  keywords	= {motives}
}

@Book{		  bradley.berrill:dealing,
  author	= {Lance Bradley and Devin Berrill},
  title		= {Dealing with Violence: A Guide for Gay and Lesbian
		  People},
  publisher	= {National Gay and Lesbian Task Force},
  address	= {Washington, D.C.},
  year		= {1986},
  annote	= {This early pamphlet discusses self-defense techniques,
		  advice for getting help and dealing with police, and tips
		  for organizing against hate crimes.},
  keywords	= {responses}
}

@Article{	  bronski.pellegrini.ea:hate,
  author	= {Michael Bronski and Ann Pellegrini and Michael and Amico},
  title		= {Hate Crime Laws Don't Prevent Violence Against {LGBT}
		  People},
  journal	= {The Nation},
  month		= oct,
  year		= {2013},
  url		= {http://www.thenation.com/article/176437/hate-crime-laws-dont-prevent-violence-against-lgbt-people}
		  ,
  annote	= {The authors present an excellent, highly readable summary
		  of arguments within the LGBT community against enhanced
		  sentencing for hate crimes.},
  keywords	= {responses}
}

@Book{		  comstock:violence,
  author	= {Gary David Comstock},
  title		= {Violence Against Lesbians and Gay Men},
  publisher	= {Columbia University Press},
  address	= {New York},
  year		= {1991},
  annote	= {Comstock, a religious scholar, offers the results of a
		  1986 survey of hate crime victims. The book also includes a
		  historical overview of gay and lesbian communities, a
		  discussion of sociological reasons for anti-gay violence,
		  and an essay on Leviticus and its influnce on this
		  violence.},
  keywords	= {overview}
}

@Misc{		  cox:free-cece--documentary,
  author	= {{Cox, L. (director)}},
  year		= {2016},
  title		= {{FREE CeCe! [Documentary]}},
  address	= {United States},
  annote	= {CeCe McDonald survived a violent racist and transphobic
		  attack in 2011, and served time in a men's prison in
		  Minnesota for defending herself against this attack. This
		  forthcoming documentary includes interviews with CeCe both
		  during and after her incarceration.},
  keywords	= {incidents}
}

@Book{		  dominguez-ruvalcaba.corona:gender,
  editor	= {Dominguez-Ruvalcaba, Hector and Ignacio Corona},
  title		= {Gender Violence at the {U.S.--Mexico} Border: Media
		  Representation and Public Response},
  year		= {2010},
  address	= {Tucson, Ariz.},
  publisher	= {University of Arizona Press},
  annote	= {A number of scholars write about violence against women
		  and transgender people along the U.S.--Mexico border.
		  Chapters contrast government inaction with grassroots
		  organizing, explore connections between gender violence and
		  its depictions in films and newspapers, and discuss how
		  international law fails to protect women and transgender
		  people along the border.},
  keywords	= {regional}
}

@Article{	  duncan.hatzenbuehler:lesbian,
  author	= {Duncan, D. T. and Hatzenbuehler, M. L.},
  year		= {2014},
  title		= {Lesbian, Gay, Bisexual, and Transgender Hate Crimes and
		  Suicidality Among a Population-Based Sample of
		  Sexual-Minority Adolescents in {B}oston},
  journal	= {American Journal Of Public Health},
  pages		= {272 -- 278},
  volume	= {104},
  article	= {2},
  doi		= {10.2105/AJPH.2013.301424},
  annote	= {This study compared Boston neighborhoods with varying
		  levels of anti-LGBT violence and found that queer youth in
		  more homophobically violent neighborhoods report
		  significantly higher rates of suicidal ideation and suicide
		  attempts.},
  keywords	= {experiencing}
}

@Article{	  dunn:remembering,
  title		= {Remembering {Matthew Shepard}: Violence, identity, and
		  queer counterpublic memories},
  author	= {Dunn, Thomas R},
  journal	= {Rhetoric \& Public Affairs},
  volume	= {13},
  number	= {4},
  pages		= {611--652},
  year		= {2010},
  annote	= {An analysis of how the LGBT community remembers Matthew
		  Shepard.},
  keywords	= {representations}
}

@InBook{	  federal-bureau-of-investigation:2012,
  author	= {{Federal Bureau of Investigation}},
  title		= {2012 Hate Crime statistics},
  booktitle	= {Uniform Crime reports},
  year		= {2013},
  url		= {http://www.fbi.gov/about-us/cjis/ucr/hate-crime/2012},
  annote	= {The FBI compiles statistics on hate crimes reported to law
		  enforcement agencies in the United States.},
  keywords	= {stats}
}

@InProceedings{	  franklin:psychosocial,
  author	= {Franklin, K.},
  year		= {1998},
  title		= {Psychosocial Motivations of Hate Crimes Perpetrators:
		  Implications for Educational Intervention},
  booktitle	= {Annual Convention of the {American Psychological
		  Association}},
  url		= {http://files.eric.ed.gov/fulltext/ED423939.pdf},
  annote	= {The paper examines four categories of motivation among
		  young adult perpetrators of hate crimes: self-defense,
		  ideological aversion to gay men, thrill seeking, and peer
		  pressure. The paper also examines reasons that
		  non-perpetrators reported for not committing hate crimes.},
  keywords	= {motivations}
}

@Book{		  fulford:faggot,
  title		= {Faggot! Steel kiss and gulag},
  author	= {R. Fulford},
  publisher	= {Blizzard},
  address	= {Winnipeg},
  year		= {1999},
  keywords	= {incidents},
  annote	= {Two gritty plays that follow follow four young men after
		  they murder a gay man. Loosely based on the 1985 murder of
		  librarian Kenneth Zeller.}
}

@Article{	  gruenewald.kelley:exploring,
  title		= {Exploring Anti-LGBT Homicide by Mode of Victim Selection},
  author	= {Gruenewald, Jeff and Kelley, Kristin},
  journal	= {Criminal Justice and Behavior},
  volume	= {41},
  number	= {9},
  pages		= {1130--1152},
  keywords	= {overview},
  annote	= {The authors propose a new way of classifying homophobic
		  and transphobic homicides based on the perpetrator's intent
		  and how they selected their victim.}
}

@Article{	  hanhardt:butterflies,
  author	= {Hanhardt, C.B.},
  year		= {2008},
  title		= {Butterflies, Whistles, and Fists: Gay Safe Streets Patrols
		  and the New Gay Ghetto, 1976-1981},
  journal	= {Radical History Review},
  number	= {100},
  pages		= {61 -- 85},
  annote	= {An impeccably researched history of gay street patrols in
		  the late 1970s. Hanhardt discusses how these patrols served
		  to define certain urban areas as ``gay'' and others as
		  ``not gay''.},
  doi		= {10.1215/01636545-2007-022},
  keywords	= {responses}
}

@Article{	  heidenreich:learning,
  title		= {Learning from the death of {Gwen Araujo}?: Transphobic
		  Racial Subordination and Queer {L}atina Survival in the
		  Twenty-First Century},
  author	= {Heidenreich, Linda},
  journal	= {Chicana/Latina Studies},
  pages		= {50--86},
  year		= {2006},
  annote	= {This piece shows how transphobia and racism allowed Gwen
		  Araujo's death to be ignored by mainstream media and queer
		  culture and how White masculinity leads to violence against
		  queer people of color. The author also documents the Araujo
		  family's insistence that Gwen's life be valued.},
  keywords	= {incidents}
}

@Article{	  hein.scharer:who,
  title		= {Who cares if it is a hate crime? {Lesbian}, gay, bisexual,
		  and transgender hate crimes: Mental health implications and
		  interventions},
  author	= {Hein, Laura C and Scharer, Kathleen M},
  journal	= {Perspectives in psychiatric care},
  volume	= {49},
  number	= {2},
  pages		= {84--93},
  year		= {2013},
  doi		= {10.1111/j.1744-6163.2012.00354.x},
  keywords	= {experiencing},
  annote	= {An overview of the mental health issues that affect
		  survivors of anti-LGBT hate crimes. The authors provide
		  some implications for mental health practice, particularly
		  for psychiatric nurses.}
}

@Book{		  herek.berrill:hate,
  author	= {Gregory M. Herek and Kevin T. Berrill},
  title		= {Hate Crimes: Confronting Violence Against Lesbians and Gay
		  Men},
  year		= {1992},
  address	= {Newbury Park, CA},
  publisher	= {Sage Publications},
  annote	= {This collection of essays and studies documents trends and
		  motivations for anti-gay hate crimes, and offers
		  suggestions for addressing the mental health needs of
		  survivors. Personal stories from survivors of hate crimes
		  are interspersed throughout the scholarly text. Though none
		  of the pieces investigate race or class dimensions of
		  anti-gay hate crimes, this book is still valuable because
		  it represents a valuable summary of early hate crimes
		  research.},
  keywords	= {overview}
}

@Article{	  herek.cogan.ea:victim,
  author	= {Gregory M. Herek and J C Cogan and J R Gillis},
  title		= {Victim experiences in hate crimes based on sexual
		  orientation},
  journal	= {Journal of Social Issues},
  volume	= {58},
  year		= {2002},
  number	= {2},
  pages		= {319 -- 339},
  annote	= {This piece examines how gay and lesbian people experience
		  violence based on their sexual orientation, and how they
		  make the decision to report incidents to the police.},
  keywords	= {experiencing}
}

@Article{	  herek:hate,
  title		= {Hate crimes and stigma-related experiences among sexual
		  minority adults in the {United States}: Prevalence
		  estimates from a national probability sample},
  author	= {Gregory M. Herek},
  journal	= {Journal of interpersonal violence},
  volume	= {24},
  number	= {1},
  pages		= {54--74},
  year		= {2009},
  annote	= {An influential national study that identified prevalance
		  rates of person and property crimes against gay, lesbian,
		  and bisexual people in the United States.},
  keywords	= {stats}
}

@Article{	  hill:genderism,
  title		= {Genderism, transphobia, and gender bashing: A framework
		  for interpreting anti-transgender violence},
  author	= {Hill, Darryl B},
  journal	= {Understanding and dealing with violence: A multicultural
		  approach},
  pages		= {113--136},
  year		= {2002},
  annote	= {The author offers a way of understanding various types of
		  anti-trans hate crimes. Much of the article is outdated,
		  but it includes very poignant and illuminating selections
		  from 18 interviews with trans individuals.},
  keywords	= {overview}
}

@Article{	  husselbee.elliott:looking,
  title		= {Looking beyond hate: How national and regional newspapers
		  framed hate crimes in {Jasper, Texas}, and {Laramie,
		  Wyoming}},
  author	= {Husselbee, L Paul and Elliott, Larry},
  journal	= {Journalism \& Mass Communication Quarterly},
  volume	= {79},
  number	= {4},
  pages		= {833--852},
  year		= {2002},
  keywords	= {representations},
  annote	= {This analysis shows that most newspapers wrote about the
		  towns of Jasper and Laramie in favorable ways in the wake
		  of brutal hate crimes, contrary to the fears of residents
		  of those communities.}
}

@Book{		  janoff:pink,
  title		= {Pink blood: homophobic violence in {Canada}},
  author	= {Douglas Victor Janoff},
  publisher	= {University of Toronto Press},
  year		= {2005},
  annote	= {\emph{Pink Blood} is the first scholarly monograph to
		  explore the issue of anti-LGBT hate crimes in Canada.
		  Janoff's research examines incidents from across Canada,
		  and offers both community- and policy-based solutions to
		  the problem.},
  keywords	= {overview}
}

@Article{	  jenness:social,
  title		= {Social movement growth, domain expansion, and framing
		  processes: The gay/lesbian movement and violence against
		  gays and lesbians as a social problem},
  author	= {Jenness, Valerie},
  journal	= {Social problems},
  volume	= {42},
  pages		= {145--170},
  year		= {1995},
  annote	= {An analysis of 32 anti-violence organizations sponsored by
		  gay and lesbian people.},
  keywords	= {responses}
}

@Book{		  jimenez:book,
  author	= {Jimenez, Stephen},
  title		= {The Book of {M}att: Hidden Truths About the Murder of
		  {Matthew Shepard}},
  publisher	= {Steerforth},
  year		= {2013},
  address	= {Hanover, New Hampshire},
  annote	= {A recent book that presents a different version of what
		  happened in the Matthew Shepard case.},
  keywords	= {incidents}
}

@Misc{		  kaufman:laramie,
  author	= {Kaufman, Moises},
  title		= {The {Laramie} Project and The {Laramie} Project: Ten years
		  later},
  year		= {2014},
  address	= {New York},
  publisher	= {Vintage Books},
  annote	= {Two plays based on interviews with residents of Laramie,
		  Wyoming. The first play was written in the wake of the 1998
		  murder of Matthew Shepard in Laramie; its companion piece
		  was written after a second trip to Laramie to collect
		  follow-up interviews.},
  keywords	= {incidents}
}

@Misc{		  kaufman:laramie*1,
  author	= {{Kaufman, M. (director)}},
  title		= {The {Laramie} Project \emph{[Motion Picture]}},
  year		= {2002},
  address	= {Santa Monica, CA},
  publisher	= {{HBO Films} },
  annote	= {A film adaptation of Mois\'{e}s Kaufman's 2000 play,
		  dealing with the aftermath of Matthew Shepard's murder.},
  keywords	= {incidents}
}

@Article{	  kelley.gruenewald:accomplishing,
  title		= {Accomplishing Masculinity through Anti-Lesbian, Gay,
		  Bisexual, and Transgender Homicide: A Comparative Case
		  Study Approach},
  author	= {Kelley, Kristin and Gruenewald, Jeff},
  journal	= {Men and Masculinities},
  pages		= {1--27},
  year		= {2014},
  doi		= {10.1177/1097184X14551204},
  annote	= {A set of 5 case studies illuminates how men perpetrate
		  anti-LGBT hate crimes to express masculinity and reify a
		  dichotomous view of gender.},
  keywords	= {motivations}
}

@Article{	  koons:pulse,
  title		= {Pulse: Finding Meaning in a Massacre Through Gay
		  Latinx Intersectional Justice},
  author	= {Koons, Judith E.},
  journal	= {Scholar: {St. Mary's} Law Review on Race and Social Justice},
  volume	= {19},
  year		= {2016},
  annote	= {An analysis that honors the 49 people killed in the 2016
		  Pulse Nightclub massacre.  Koons looks at how violent Enlightenment
		  worldviews, homophobia, and border anxiety played into the
		  tragedy.},
  keywords	= {incidents}
}

@Article{	  lamble:queer,
  author	= {Sarah Lamble},
  year		= {2013},
  title		= {Queer Necropolitics and the Expanding Carceral State:
		  Interrogating Sexual Investments in Punishment},
  journal	= {Law \& Critique},
  number	= {3},
  volume	= {24},
  pages		= {229 -- 253},
  annote	= {An examination of the growing investment of LGBT activists
		  in hate crimes legislation, police work, and prisons.},
  doi		= {10.1007/s10978-013-9125-1},
  keywords	= {responses}
}

@Article{	  lamble:retelling,
  author	= {Sarah Lamble},
  title		= {Retelling racialized violence, remaking {White} innocence:
		  The politics of interlocking oppressions in {Transgender
		  Day of Remembrance}},
  journal	= {Sexuality Research \& Social Policy},
  volume	= {5},
  number	= {1},
  year		= {2008},
  pages		= {24 -- 42},
  annote	= {This piece critiques narrative techniques that represent
		  anti-trans violence as solely a gender issue without
		  acknowledging intersecting axes of oppression, particularly
		  race. While it uses the \emph{Remembering our dead} website
		  as a case study, Lamble's warning against single-issue
		  activism is valuable for anybody studying or working to
		  address anti-gay hate crimes.},
  doi		= {10.1525/srsp.2008.5.1.24},
  keywords	= {representations}
}

@Article{	  lee:gay,
  author	= {Cynthia Lee},
  title		= {The Gay Panic Defense},
  journal	= {U.C. Davis Law Review},
  volume	= {42},
  number	= {2},
  month		= dec,
  year		= {2008},
  pages		= {471 -- 566},
  url		= {http://ssrn.com/abstract=1141875},
  annote	= {The author discusses the gay panic defense, in which the
		  perpetrator of a violent anti-gay crime argues for a more
		  lenient sentence because they felt threatened by the
		  victim's homosexuality. Lee also mentions the trans panic
		  defense, in which a perpetrator argues for leniency because
		  they felt deceived by their victim's choice not to disclose
		  their trans status. The article discusses the history of
		  these defenses, and the stereotypes that inform them. While
		  other legal scholars have suggested that this defense be
		  prohibited from courtrooms, Lee argues against such a
		  prohibition, feeling that it would be ineffective and
		  dangerous, because it would allow defense attorneys to use
		  more dangerous, subconscious appeals to anti-gay
		  stereotypes held by the jury. },
  keywords	= {responses}
}

@Article{	  lombardi.wilchins.ea:gender,
  author	= {Lombardi, E. L. and Wilchins, R. A. and Priesing, D. and
		  Malouf, D.},
  title		= {Gender violence: Transgender experiences with violence and
		  discrimination},
  journal	= {Journal of homosexuality},
  volume	= {42},
  year		= {2002},
  number	= {1},
  pages		= {89 -- 101},
  annote	= {A study of trans people that found a strong correlation
		  between experiencing economic discrimination and
		  experiencing violence.},
  doi		= {10.1300/j082v42n01_05},
  keywords	= {overview}
}

@Article{	  meyer:interpreting,
  author	= {Doug Meyer},
  title		= {Interpreting and experiencing anti-queer violence: Race,
		  class, and gender differences among {LGBT} hate crime
		  victims},
  journal	= {Race, Gender \& Class},
  volume	= {15},
  year		= {2008},
  number	= {4},
  pages		= {262 -- 282},
  annote	= {Meyer expands Herek's research on hate crime victims'
		  experiences. Meyer finds that it is more difficult for
		  queer people of color to determine that they've experienced
		  an anti-gay hate crime, because multiple parts of their
		  identities are often attacked simultaneously in these
		  incidents.},
  keywords	= {experiencing}
}

@Article{	  meyer:resisting,
  author	= {Doug Meyer},
  title		= {Resisting hate crime discourse: Queer and intersectional
		  challenges to neoliberal hate crime laws},
  journal	= {Critical Criminology},
  volume	= {5},
  number	= {1},
  year		= {2013},
  pages		= {1 -- 13},
  annote	= {An analysis of how discourse about hate crime discourse
		  advances feelings of ``stranger danger'' and reinforces
		  racist and classist assumptions.},
  doi		= {10.1007/s10612-013-9228-x},
  keywords	= {responses}
}

@Article{	  miller.humphreys:lifestyles,
  author	= {Miller, B. and Humphreys, L.},
  year		= {1980},
  title		= {Lifestyles and violence: Homosexual victims of assault and
		  murder},
  journal	= {Qualitative Sociology},
  volume	= {3},
  issue		= {3},
  pages		= {169--185},
  annote	= {This early exploratory study questioned contemporary
		  misconceptions of which gay men were more likely to be
		  murdered in bias crimes. In their sample, the authors
		  noticed that gay men who were more covert about their
		  identities and less connected to the wider gay community
		  were victimized more often than men who were more open
		  about their identities.},
  keywords	= {overview}
}

@Article{	  moore.rennie:hated,
  title		= {Hated Identities: Queers and {Canadian} Anti-hate
		  Legislation},
  author	= {Moore, Dawn and Rennie, Angus MacLean},
  journal	= {Canadian journal of criminology and criminal justice},
  volume	= {48},
  number	= {5},
  pages		= {823--836},
  year		= {2006},
  doi		= {10.1353/ccj.2006.0054},
  annote	= {A critique of the legal assumption that hate crime
		  victim's identities are fixed and knowable. The authors
		  explore how perpetrators, communities, legal actors, and
		  the media play a role in establishing the supposed identity
		  of hate crime victims.},
  keywords	= {overview}
}

@Article{	  namaste:genderbashing,
  title		= {Genderbashing: Sexuality, gender, and the regulation of
		  public space},
  author	= {Namaste, Kim},
  journal	= {Environment and planning D},
  volume	= {14},
  pages		= {221--240},
  year		= {1996},
  doi		= {10.1068/d140221},
  keywords	= {overview},
  annote	= {Not yet reviewed}
}

@Book{		  national-center-for-transgender-equality:responding,
  author	= {{National Center for Transgender Equality}},
  year		= {2009},
  title		= {Responding to hate crimes: a community resource manual},
  url		= {http://transequality.org/issues/resources/responding-hate-crimes-community-resource-manual}
		  ,
  annote	= {This manual offers advice on interacting with victims,
		  perpetrators, law enforcement, media, and the greater
		  transgender community about hate crime incidents.},
  keywords	= {responses}
}

@Book{		  national-coalition-of-anti-violence-projects:lesbian,
  author	= {{National Coalition of Anti-Violence Projects}},
  year		= {2013},
  title		= {Lesbian, gay, bisexual, transgender, queer and
		  {HIV}-affected hate violence in 2012.},
  url		= {http://avp.org/resources/avp-resources/248},
  publisher	= {New York City Gay \& Lesbian Anti-Violence Project, Inc.},
  address	= {New York},
  annote	= {Statistics compiled by 15 organizations throughout the
		  United States that serve victims of anti-LGBT violence.},
  keywords	= {stats}
}

@Misc{		  nibley:two-spirits-documentary,
  author	= {{Nibley, L. (director)}},
  title		= {{Two spirits \emph{[Documentary]}}},
  year		= {2009},
  address	= {United States},
  annote	= {A touching documentary about Fred Martinez, who was
		  murdered in 2001 for being n\'{a}dleeh\'{i}.},
  keywords	= {incidents}
}

@Article{	  ott.aoki:politics,
  title		= {The politics of negotiating public tragedy: Media framing
		  of the {Matthew Shepard} murder},
  author	= {Ott, Brian L and Aoki, Eric},
  journal	= {Rhetoric \& Public Affairs},
  volume	= {5},
  number	= {3},
  pages		= {483--505},
  year		= {2002},
  annote	= {This article analyzes how newspapers and magazines framed
		  the murder of Matthew Shepard, assuaged the guilt of the
		  American public, and reinforced the stigmatization of LGBT
		  people.},
  doi		= {10.1353/rap.2002.0060},
  keywords	= {representations}
}

@Book{		  patterson.hinds:whole,
  author	= {Patterson, Romaine and Hinds, Patrick},
  year		= {2005},
  title		= {The Whole World Was Watching: Living in the Light of
		  {Matthew Shepard}},
  publisher	= {Advocate Books},
  address	= {New York},
  annote	= {A close friend of Matthew Shepard describes her growing
		  activism in the wake of her friend's murder.},
  keywords	= {incidents}
}

@book{resource, author = "Petersen, Jennifer,", publisher = "Indiana University Press", title = "Murder, the media, and the politics of public feelings: remembering {Matthew Shepard} and {James Byrd Jr.}", year = 2011, address = "Bloomington, Ind.",
  annote	= {Petersen examines how the media shaped emotional response to these two 1998 murders.},
  keywords	= {representations}
} 


@Article{	  rose.mechanic:psychological,
  title		= {Psychological distress, crime features, and help-seeking
		  behaviors related to homophobic bias incidents},
  author	= {Rose, Suzanna M and Mechanic, Mindy B},
  journal	= {American Behavioral Scientist},
  volume	= {46},
  number	= {1},
  pages		= {14--26},
  year		= {2002},
  doi		= {10.1177/0002764202046001003},
  annote	= {This study identifies the differing psychological
		  consequences of several types of homophobic incidents.},
  keywords	= {experiencing}
}

@Article{	  schattenkirk:matthew,
  title		= {{Matthew Shepard}, Music and Social Justice: 
		  Discourse on the Relationship Between Homophobic
		  Violence and Anti-Gay Sentiment in Two
		  Performative Contexts},
  author	= {Kevin C. Schattenkirk},
  journal	= {Eras},
  volume	= {16},
  number	= {1},
  pages		= {83--96},
  year		= {2014},
  annote	= {An analysis of how the San Francisco Gay Men's
  		  chorus commemorated Matthew Shepard.},
  keywords	= {representations}
}

@Book{		  shepard.barrett:meaning,
  author	= {Judy Shepard and J Barrett},
  year		= {2009},
  title		= {The meaning of {Matthew}: My son's murder in {Laramie},
		  and a world transformed},
  address	= {New York},
  publisher	= {Hudson Street Press},
  annote	= {An account of Matthew Shepard's life, murder, and legacy,
		  written by his mother.},
  keywords	= {incidents}
}

@Misc{		  smith:remembering,
  year		= {2005},
  title		= {Remembering our dead},
  author	= {Smith, Gwen Ann},
  annote	= {This memorial for trans victims of hate violence has been
		  online since 1999.},
  url		= {http://www.gender.org/remember},
  keywords	= {incidents}
}

@Article{	  spade.willse:confronting,
  title		= {Confronting the Limits of Gay Hate Crimes Activism: A
		  Radical Critique},
  author	= {Spade, Dean and Willse, Craig},
  journal	= {Chicano-Latino Law Review},
  volume	= {21},
  pages		= {38--53},
  year		= {2000},
  publisher	= {Chicano-Latino Law Review Chicano-Latino Law Review},
  url		= {http://cwillse.net/wp-content/uploads/2007/12/hate-crimes.pdf}
		  ,
  annote	= {Two scholars acknowledge the positive impacts of hate
		  crime activism while critiquing its shortcomings and some
		  of its troubling consequences.},
  keywords	= {responses}
}

@Article{	  speidenner.glenn:scripting,
  author	= {Speidenner, A.R. and Glenn, C.L.},
  year		= {2014},
  title		= {Scripting Hate Crimes: Victim, Space and Perpetrator
		  Defining Hate},
  journal	= {Continuum: Journal of Media \& Cultural Studies},
  volume	= {28},
  number	= {1},
  pages		= {123 -- 135},
  annote	= {This paper examines the roles police statements and the
		  media play in forming community understanding of hate crime
		  acts. The paper argues that race, gender, sexuality, and
		  the concept of ``neighborhood'' play a large role in how
		  media and police shape this understanding.},
  doi		= {10.1080/10304312.2013.854873},
  keywords	= {representations}
}

@Book{		  sprinkle:unfinished,
  author	= {Stephen Sprinkle},
  title		= {Unfinished lives: Reviving the memories of {LGBTQ} hate
		  crimes victims},
  year		= {2011},
  address	= {Eugene, OR},
  publisher	= {Resource Publications},
  annote	= {This book commemorates 14 victims of homophobic and
		  transphobic violence with short biographies, dignified
		  sketched portraits, and helpful bibliographies. Sprinkle, a
		  theology professor, analyses several of the cases through
		  Bible quotations and a Christian framework. Sprinkle's
		  memorial is commendable, though the inclusion of more
		  people of color and transgender people would have painted a
		  richer portrait of the victims of hate violence.},
  keywords	= {incidents}
}

@Article{	  stacey:distinctive,
  title		= {Distinctive characteristics of sexual orientation bias
		  crimes},
  author	= {Stacey, Michele},
  journal	= {Journal of interpersonal violence},
  volume	= {26},
  number	= {15},
  pages		= {3013--3032},
  year		= {2011},
  annote	= {A comparison of racist and homophobic crimes of all types
		  ``from minor cases of intimidation to homicide.'' The
		  analysis uses the FBI's NIBRS data, which limits its
		  ability to examine incidents that are motivated by both
		  racism and homophobia.},
  keywords	= {overview}
}

@Article{	  stotzer:gender,
  author	= {Stotzer, R. L.},
  year		= {2008},
  title		= {Gender identity and hate crimes: Violence against
		  transgender people in {Los Angeles County}},
  journal	= {Sexuality Research \& Social Policy},
  volume	= {5},
  issue		= {1},
  pages		= {43--52},
  annote	= {An analysis of data collected by the Los Angeles County
		  Commission on Human Relations showing that from 2002-2006.
		  The 49 crimes studied in this paper reveal that trans
		  women, particularly Black trans women, experience much
		  higher rates of violence than other trans individuals. The
		  paper also investigates quotes from the perpetrators to
		  better understand their motivations.},
  doi		= {10.1525/srsp.2008.5.1.43},
  keywords	= {regional}
}

@Book{		  tomsen:violence,
  author	= {Tomsen, S.},
  year		= {2009},
  title		= {Violence, prejudice and sexuality},
  address	= {New York},
  publisher	= {Routledge},
  annote	= {This book describes how essentialist categories of
		  sexuality and gender are enforced by harassment and
		  violence, and examines the motivations and societal
		  acceptance of hate violence against gay men.},
  keywords	= {motivations}
}

@Misc{		  wikipedia:list,
  title		= {List of unlawfully killed transgender people},
  author	= {Wikipedia},
  year		= {2015},
  url		= {https://en.wikipedia.org/wiki/List_of_unlawfully_killed_transgender_people}
		  ,
  annote	= {A list of notable events in which transgender people have
		  died at the hands of others.},
  keywords	= {incidents}
}

@Article{	  willis:meanings,
  author	= {Willis, D. G.},
  year		= {2008},
  title		= {Meanings in adult male victims' experiences of hate crime
		  and its aftermath},
  journal	= {Issues In Mental Health Nursing},
  pages		= {567 -- 584},
  doi		= {10.1080/01612840802048733},
  volume	= {29},
  number	= {6},
  annote	= {A study of how gay men assign meaning to their experiences
		  with homophobic violence, with implications for the healing
		  process.},
  keywords	= {experiencing}
}

@Book{		  wilson:hate,
  author	= {Meagan Meuchel Wilson},
  year		= {2014},
  month		= feb,
  title		= {Hate Crime Victimization, 2004 -- 2012 statistical
		  tables},
  publisher	= {U.S. Department of Justice},
  address	= {Washington, D.C.},
  url		= {http://www.bjs.gov/index.cfm?ty=pbdetail&iid=4883},
  annote	= {In addition to the FBI, the Department of Justice also
		  maintains hate crime statistics within the United States.
		  Its statistics also include crimes that were not reported
		  to police, and allow victims -- rather than law enforcement
		  agencies -- to identify their own experiences as hate
		  crimes.},
  keywords	= {stats}
}

@Article{	  wolff.cokely:to,
  author	= {Wolff, K.B. and Cokely, C.L.},
  year		= {2007},
  title		= {``{To} Protect and to Serve?'': An Exploration of Police
		  Conduct in Relation to the Gay, Lesbian, Bisexual and
		  Transgender Community},
  journal	= {Sexuality \& Culture},
  volume	= {11},
  number	= {2},
  pages		= {1 -- 23},
  annote	= {This study analyzes 1,896 incidents documented by a
		  Minnesota organization to examine law enforcement's
		  (usually inadequate) response to anti-LGBT hate crimes.
		  This study was the first to examine police violence against
		  LGBT people in quantitative ways.},
  doi		= {10.1007/s12119-007-9000-z},
  keywords	= {regional}
}
